<?xml version="1.0" encoding="UTF-8"?>
<marc:record xmlns:marc="http://www.loc.gov/MARC21/slim" xmlns:xsi="http://www.w3.org/2001/XMLSchema-instance" xsi:schemaLocation="http://www.loc.gov/standards/marcxml/schema/MARC21slim.xsd">
  <marc:leader>00000ndm a2200000 u 4500</marc:leader>
  <marc:controlfield tag="001">1001000628</marc:controlfield>
  <marc:controlfield tag="003">DE-633</marc:controlfield>
  <marc:controlfield tag="005">20201029223336.0</marc:controlfield>
  <marc:datafield tag="028" ind1="2" ind2="0">
    <marc:subfield code="a">3708.</marc:subfield>
    <marc:subfield code="8">01</marc:subfield>
  </marc:datafield>
  <marc:datafield tag="031" ind1=" " ind2=" ">
    <marc:subfield code="a">1</marc:subfield>
    <marc:subfield code="b">1</marc:subfield>
    <marc:subfield code="c">1</marc:subfield>
    <marc:subfield code="d"/>
    <marc:subfield code="g">G-2</marc:subfield>
    <marc:subfield code="m">pf</marc:subfield>
    <marc:subfield code="n">bBEAD</marc:subfield>
    <marc:subfield code="o">3/4</marc:subfield>
    <marc:subfield code="p">'2.Et/i/i/i/i/i/i/2.Etqq6{nDE}r/''8{C'nDE''Dn'EF/''8{C'nDE'Bn'CbD/'8{BCD''Cn'DE}/</marc:subfield>
    <marc:subfield code="r">A|b</marc:subfield>
    <marc:subfield code="2">pe</marc:subfield>
  </marc:datafield>
  <marc:datafield tag="040" ind1=" " ind2=" ">
    <marc:subfield code="a">DE-633</marc:subfield>
  </marc:datafield>
  <marc:datafield tag="100" ind1="1" ind2=" ">
    <marc:subfield code="a">Chopin, Fryderyk Franciszek</marc:subfield>
    <marc:subfield code="d">1810-1849</marc:subfield>
    <marc:subfield code="j">Ascertained</marc:subfield>
    <marc:subfield code="0">pe51160</marc:subfield>
  </marc:datafield>
  <marc:datafield tag="240" ind1="1" ind2="0">
    <marc:subfield code="a">Waltzes</marc:subfield>
    <marc:subfield code="m">pf</marc:subfield>
    <marc:subfield code="n">op. 42</marc:subfield>
    <marc:subfield code="n">ChomTurC 211</marc:subfield>
    <marc:subfield code="r">A|b</marc:subfield>
    <marc:subfield code="0">3900012</marc:subfield>
  </marc:datafield>
  <marc:datafield tag="245" ind1="1" ind2="0">
    <marc:subfield code="a">GRANDE | VALSE NOUVELLE | Pour LE Piano | Composée par | F. CHOPIN | Œuv. 42. [space] Prix : 6.|f | Prop. de l’Editeur. | PARIS, au Magasin de Musique de PACINI, Boulevart Italien, 11. | Londres, chez Wessel et C.|i|e [space] Leipsic, chez Breitkopf et Haertel.</marc:subfield>
  </marc:datafield>
  <marc:datafield tag="260" ind1=" " ind2=" ">
    <marc:subfield code="a">Paris</marc:subfield>
    <marc:subfield code="b">Pacini</marc:subfield>
    <marc:subfield code="c">[1841-1853]</marc:subfield>
    <marc:subfield code="8">01</marc:subfield>
  </marc:datafield>
  <marc:datafield tag="300" ind1=" " ind2=" ">
    <marc:subfield code="a">1 part</marc:subfield>
    <marc:subfield code="c">29,5 x 24,0 cm</marc:subfield>
    <marc:subfield code="8">01</marc:subfield>
  </marc:datafield>
  <marc:datafield tag="340" ind1=" " ind2=" ">
    <marc:subfield code="d">Engraving</marc:subfield>
    <marc:subfield code="8">01</marc:subfield>
  </marc:datafield>
  <marc:datafield tag="383" ind1=" " ind2=" ">
    <marc:subfield code="b">op. 42</marc:subfield>
  </marc:datafield>
  <marc:datafield tag="500" ind1=" " ind2=" ">
    <marc:subfield code="a">TP engraved, p. [406, 407] blank, p. 408-415 engraved, p. [416] blank.</marc:subfield>
  </marc:datafield>
  <marc:datafield tag="500" ind1=" " ind2=" ">
    <marc:subfield code="a">The publication is not marked with its own pagination, but the consecutive p. numbers 405 - 416 from the album Cent-et-Un No. 68.</marc:subfield>
  </marc:datafield>
  <marc:datafield tag="500" ind1=" " ind2=" ">
    <marc:subfield code="a">Wrapper same as TP; TP: inscription in pencil: "[30.VI.1840]".</marc:subfield>
  </marc:datafield>
  <marc:datafield tag="500" ind1=" " ind2=" ">
    <marc:subfield code="a">Heading p. 408: VALSE [space] Par CHOPIN Op:42. | N.|o 68. | Des Cent – et - Un. At the bottom of p. 408: à Paris Chez PACINI [space] 3708. [space] Boulevard des Italiens 11.; p. 409-415, plate number: 3708.</marc:subfield>
  </marc:datafield>
  <marc:datafield tag="561" ind1=" " ind2=" ">
    <marc:subfield code="a">Treasury of the Library</marc:subfield>
  </marc:datafield>
  <marc:datafield tag="590" ind1=" " ind2=" ">
    <marc:subfield code="a">pf</marc:subfield>
    <marc:subfield code="b">p. 408-415</marc:subfield>
    <marc:subfield code="8">01</marc:subfield>
  </marc:datafield>
  <marc:datafield tag="593" ind1=" " ind2=" ">
    <marc:subfield code="a">Print</marc:subfield>
    <marc:subfield code="8">01</marc:subfield>
  </marc:datafield>
  <marc:datafield tag="594" ind1=" " ind2=" ">
    <marc:subfield code="b">pf</marc:subfield>
    <marc:subfield code="c">1</marc:subfield>
  </marc:datafield>
  <marc:datafield tag="594" ind1=" " ind2=" ">
    <marc:subfield code="a">pf</marc:subfield>
  </marc:datafield>
  <marc:datafield tag="599" ind1=" " ind2=" ">
    <marc:subfield code="b">full</marc:subfield>
  </marc:datafield>
  <marc:datafield tag="650" ind1="0" ind2="7">
    <marc:subfield code="a">Waltzes</marc:subfield>
    <marc:subfield code="0">25220</marc:subfield>
  </marc:datafield>
  <marc:datafield tag="650" ind1="0" ind2="7">
    <marc:subfield code="a">First editions</marc:subfield>
    <marc:subfield code="0">3902070</marc:subfield>
  </marc:datafield>
  <marc:datafield tag="650" ind1="0" ind2="7">
    <marc:subfield code="a">Reprints</marc:subfield>
    <marc:subfield code="0">3902072</marc:subfield>
  </marc:datafield>
  <marc:datafield tag="690" ind1=" " ind2="7">
    <marc:subfield code="a">ChomTurC</marc:subfield>
    <marc:subfield code="n">211</marc:subfield>
    <marc:subfield code="0">lit30000031</marc:subfield>
  </marc:datafield>
  <marc:datafield tag="691" ind1=" " ind2="7">
    <marc:subfield code="a">GrabowskiC 2010</marc:subfield>
    <marc:subfield code="n">42-1-P</marc:subfield>
    <marc:subfield code="0">lit30025545</marc:subfield>
  </marc:datafield>
  <marc:datafield tag="710" ind1="2" ind2=" ">
    <marc:subfield code="a">Pacini</marc:subfield>
    <marc:subfield code="g">Ascertained</marc:subfield>
    <marc:subfield code="0">ks40008154</marc:subfield>
    <marc:subfield code="4">pbl</marc:subfield>
  </marc:datafield>
  <marc:datafield tag="710" ind1="2" ind2=" ">
    <marc:subfield code="a">Wessel &amp; Co.</marc:subfield>
    <marc:subfield code="0">ks30076725</marc:subfield>
    <marc:subfield code="4">pbl</marc:subfield>
  </marc:datafield>
  <marc:datafield tag="710" ind1="2" ind2=" ">
    <marc:subfield code="a">Breitkopf &amp; Härtel</marc:subfield>
    <marc:subfield code="0">ks40001558</marc:subfield>
    <marc:subfield code="4">pbl</marc:subfield>
  </marc:datafield>
  <marc:datafield tag="852" ind1=" " ind2=" ">
    <marc:subfield code="a">PL-Wnifc</marc:subfield>
    <marc:subfield code="b">Biblioteka Narodowego Instytutu Fryderyka Chopina</marc:subfield>
    <marc:subfield code="e">Narodowy Instytut Fryderyka Chopina</marc:subfield>
    <marc:subfield code="x">ks51003139</marc:subfield>
    <marc:subfield code="c">2214/n</marc:subfield>
    <marc:subfield code="p"/>
    <marc:subfield code="q"/>
    <marc:subfield code="u"/>
    <marc:subfield code="z"/>
  </marc:datafield>
  <marc:datafield tag="980" ind1=" " ind2=" ">
    <marc:subfield code="a">RISM</marc:subfield>
    <marc:subfield code="c">examined</marc:subfield>
  </marc:datafield>
</marc:record>
